
@misc{参考文献1,
	author = {杨巍},
	title = {基于贝叶斯估计的多站纯方位无源定位及优化},
	year = {2015},
	url = {https://kns.cnki.net/kcms/detail/detail.aspx?dbcode=CMFD&dbname=CMFD201601&filename=1015366101.nh&uniplatform=NZKPT&v=rlUnNXsQGQJhHedBfmWKR9yWz8BFqoc7sbW1TwAKpf9NW972Qb-otdA7YPeq4H8d},
	urldate = {2022-09-17},
	file = {基于贝叶斯估计的多站纯方位无源定位及优化 - 中国知网:C\:\\Users\\ewk\\Zotero\\storage\\J3LIPWZF\\detail.html:text/html},
}
@phdthesis{参考文献2,
	type = {硕士},
	title = {基于方位角测量的无源定位算法研究},
	url = {https://kns.cnki.net/kcms/detail/detail.aspx?dbcode=CMFD&dbname=CMFD2011&filename=1011020314.nh&uniplatform=NZKPT&v=yC5-QjvZofjRuOeg1S3NrhP6hgmnBUTYR9tIa8a6cKG296MEVsH1h_rTZIy_ekcW},
	abstract = {单站无源定位技术,仅利用接收到的目标参数信号进行定位,有隐蔽性高,作用距离远等优点,具有较高的研究价值。其中,单站纯方位无源定位以其独特的优势和典型的代表性,在无源定位技术研究中始终占有一席之地。本文以基于方位角测量的单站无源定位系统为研究对象,主要从无源定位算法方面,在以往研究的基础之上进行了相关的理论研究。
	对基于方位角测量的无源定位结合常见的目标运动模型建立了相应的数学模型。不完全可观测性是基于方位角测量的无源定位系统的一个典型特征,总结了以往的多种可观测判据,并利用非线性系统理论,对目标无源定位跟踪模型的可观测性进行了详细验证,最后给出了常见目标运动模型克服不可观...},
	language = {中文;},
	urldate = {2022-09-18},
	school = {哈尔滨工程大学},
	author = {孙, 洪胜},
	year = {2010},
	keywords = {纯方位角测量的无源定位, 简化无迹卡尔曼滤波, 扩展卡尔曼滤波, 无迹卡尔曼滤波, Extended Kalman Filter, Passive Location with Bearing-Only Measurement, Simple Unscented Kalman Filter, Unscented Kalman Filter},
}

